@phdthesis{LUP7243634,
  author =        {Kerckhof, Frederiek?Maarten},
  title =         {{The methanotrophic interactome : microbial partnerships for sustainable methane cycling}},
  publisher =     {Ghent University. Faculty of Bioscience Engineering},
  school =        {Ghent University},
  year =          {2016},
  ISBN =          {9789059898929},
}

@inproceedings{LUP7162371,
  author =        {Kerckhof, Frederiek?Maarten and Ho, Adrian H and De Rudder, Charlotte and Heyer, Robert H and Benndorf, Dirk B and Heylen, Kim and Boon, Nico},
  editor =        {Heikens, E and Kaan, JA},
  booktitle =     {NEDERLANDS TIJDSCHRIFT VOOR MEDISCHE MICROBIOLOGIE},
  title =         {{Happily ever after? : how repeated subcultivation influences a methanotrophic marriage}},
  volume =        {24},
  number =        {suppl.},
  pages =         {S17??S17},
  year =          {2016},
  ISSN =          {0929?0176},
}

@article{LUP7039769,
  author =        {Tsilia, Varvara and Kerckhof, Frederiek?Maarten and Rajkovic, Andreja and Heyndrickx, Marc and Van de Wiele, Tom},
  title =         {{Bacillus cereus NVH 0500/00 can adhere to mucin but cannot produce enterotoxins during gastrointestinal simulation}},
  journal =       {APPLIED AND ENVIRONMENTAL MICROBIOLOGY},
  volume =        {82},
  number =        {1},
  pages =         {289??296},
  year =          {2016},
  ISSN =          {0099?2240},
  URL =           {http://dx.doi.org/10.1128/AEM.02940?15},
}

@inproceedings{LUP7093120,
  author =        {Tsilia, Varvara and Devos, Simon and Rajkovic, Andreja and Van de Wiele, Tom and Heyndrickx, Marc and Kerckhof, Frederiek?Maarten and Devreese, Bart},
  booktitle =     {Advances and Applications in Metaproteomics, Symposium abstracts},
  title =         {{To poison or not? : a proteomic approach to quantify enterotoxins produced from Bacillus cereus}},
  publisher =     {Max Planck Institute},
  year =          {2016},
}

@article{LUP5990375,
  author =        {Allais, Liesbeth and Kerckhof, Frederiek?Maarten and Verscheure, Stephanie and Bracke, Ken and De Smet, Rebecca and Laukens, Debby and Van den Abbeele, Pieter and De Vos, Martine and Boon, Nico and Brusselle, Guy and Cuvelier, Claude and Van de Wiele, Tom},
  editor =        {Timmis, Kenneth},
  title =         {{Chronic cigarette smoke exposure induces microbial and inflammatory shifts and mucin changes in the murine gut}},
  journal =       {ENVIRONMENTAL MICROBIOLOGY},
  year =          {2015},
  ISSN =          {1462?2912},
  URL =           {http://dx.doi.org/10.1111/1462?2920.12934},
}

@article{LUP5943526,
  author =        {Benner, Jessica and De Smet, Delfien and Ho, Adrian and Kerckhof, Frederiek?Maarten and Vanhaecke, Lynn and Heylen, Kim and Boon, Nico},
  title =         {{Exploring methane?oxidizing communities for the co?metabolic degradation of organic micropollutants}},
  journal =       {APPLIED MICROBIOLOGY AND BIOTECHNOLOGY},
  volume =        {99},
  number =        {8},
  pages =         {3609??3618},
  year =          {2015},
  ISSN =          {0175?7598},
  URL =           {http://dx.doi.org/10.1007/s00253?014?6226?1},
}

@article{LUP7039704,
  author =        {Callewaert, Chris and Van Nevel, Sam and Kerckhof, Frederiek?Maarten and Granitsiotis, Michael S and Boon, Nico},
  title =         {{Bacterial exchange in household washing machines}},
  journal =       {FRONTIERS IN MICROBIOLOGY},
  volume =        {6},
  year =          {2015},
  ISSN =          {1664?302X},
  URL =           {http://dx.doi.org/10.3389/fmicb.2015.01381},
}

@article{LUP7017244,
  author =        {De Ryck, Tine and Boterberg, Tom and Kerckhof, Frederiek?Maarten and De Schrijver, Joachim and Bracke, Marc and Van De Wiele, Tom and Vanhoecke, Barbara},
  title =         {{Effects of irradiation on epithelial wound healing and microbial diversity in an in?vitro oral mucosa model}},
  journal =       {JOURNAL OF NUCLEAR MEDICINE AND RADIATION THERAPY},
  volume =        {6},
  number =        {2},
  year =          {2015},
  ISSN =          {2155?9619},
  URL =           {http://dx.doi.org/10.4172/2155?9619.1000218},
}

@inproceedings{LUP7241677,
  author =        {Kerckhof, Frederiek?Maarten and Ho, Adrian and Granitsiotis, Michael SG and Heylen, Kim and Boon, Nico},
  booktitle =     {European Microbiologists, 6th Congress, Abstracts},
  title =         {{Microbial interdependencies in an enriched aerobic mixed methanotrophic community}},
  publisher =     {Kenes International Organizers of Congresses},
  year =          {2015},
  URL =           {http://fems?microbiology.kenes.com/Documents/FEMS\%20abstracts.pdf},
}

@inproceedings{LUP7241763,
  author =        {Kerckhof, Frederiek?Maarten and Vekeman, Bram and Geirnaert, Annelies and Courtens, Emilie and Vilchez Vargas, Ramiro and Ho, Adrian and Heylen, Kim and Boon, Nico},
  editor =        {Rawson, DM},
  booktitle =     {CRYOBIOLOGY},
  title =         {{Enhancing microbial cryopreservation : from fastidious microbes to mixed communities}},
  volume =        {71},
  number =        {3},
  pages =         {549??550},
  year =          {2015},
  ISSN =          {0011?2240},
  URL =           {http://dx.doi.org/10.1016/j.cryobiol.2015.10.054},
}

@inproceedings{LUP5856566,
  author =        {Scoma, Alberto and Rifai, Ridwan Muhamad and Pini, Emma and Hernandez Sanabria, Emma and Kerckhof, Frederiek?Maarten and Boon, Nico},
  booktitle =     {VLIZ Special Publication},
  title =         {{Long?chain hydrocarbon degraders from deep?sea}},
  volume =        {71},
  publisher =     {Vlaams Instituut voor de Zee (VLIZ)},
  pages =         {115??115},
  year =          {2015},
  ISSN =          {1377?0950},
}

@article{LUP7021082,
  author =        {Tsilia, Varvara and Uyttendaele, Mieke and Kerckhof, Frederiek?Maarten and Rajkovic, Andreja and Heyndrickx, Marc and Van de Wiele, Tom},
  title =         {{Bacillus cereus adhesion to simulated intestinal mucus is determined by its growth on mucin, rather than intestinal environmental parameters}},
  journal =       {FOODBORNE PATHOGENS AND DISEASE},
  volume =        {12},
  number =        {11},
  pages =         {904??913},
  year =          {2015},
  ISSN =          {1535?3141},
  URL =           {http://dx.doi.org/10.1089/fpd.2014.1926},
}

@inproceedings{LUP5799282,
  author =        {Allais, Liesbeth and Kerckhof, Frederiek?Maarten and Verscheure, Stephanie and Bracke, Ken and De Smet, Rebecca and Laukens, Debby and Van den Abbeele, Pieter and De Vos, Martine and Boon, Nico and Brusselle, Guy and Van de Wiele, Tom and Cuvelier, Claude},
  booktitle =     {Rowett?INRA, 9th Joint symposium, Abstracts},
  title =         {{The effect of chronic cigarette smoke exposure on gut microbial diversity in healthy mice}},
  year =          {2014},
}

@inproceedings{LUP5799353,
  author =        {Allais, Liesbeth and Kerckhof, Frederiek?Maarten and Verscheure, Stephanie and Bracke, Ken and De Smet, Rebecca and Laukens, Debby and Van den Abbeele, Pieter and De Vos, Martine and Boon, Nico and Brusselle, Guy and Van de Wiele, Tom and Cuvelier, Claude},
  booktitle =     {BSM Annual meeting, Abstracts},
  title =         {{The effect of chronic cigarette smoke exposure on the gut microbiome in healthy mice}},
  publisher =     {Belgian Society for Food Microbiology (BSFM)},
  year =          {2014},
}

@inproceedings{LUP5745505,
  author =        {Callewaert, Chris and Kerckhof, Frederiek?Maarten and Van Keer, Thomas and Plaquet, Tess and Meunier, Murielle and BOSTOEN, JESSICA and Verhofstadt, Lesley and Van de Wiele, Tom and Boon, Nico},
  booktitle =     {JOURNAL OF INVESTIGATIVE DERMATOLOGY},
  title =         {{Characterisation of the human malodorous axillary microbiome and a novel treatment to obtain a better body odour}},
  volume =        {134},
  number =        {suppl. 2},
  pages =         {S78??S78},
  year =          {2014},
  ISSN =          {0022?202X},
}

